@Misc{dec1997a,
  OPTkey = 	 {},
  author = 	 {Decyk, Viktor K.       and
                  Norton, Charles D.     and
                  Szymanski, Boleslaw K.    },
  title = 	 {Introduction to {O}bject-{O}riented {C}oncepts using {F}ortran90},
  howpublished = {\url{http://exodus.physics.ucla.edu/Fortran95/}},
  OPTmonth = 	 {},
  year = 	 {1997},
  OPTnote = 	 {},
  OPTannote = 	 {}
}

@Book{haa2001a,
  author = 	 {Haataja, Juha     and
                  Rahola, Jussi     and
                  Ruokolainen, Juha    },
  title = 	 {Fortran 90/95},
  publisher = 	 {CSC - Tieteellinen laskenta Oy},
  year = 	 {2001},
  OPTkey = 	 {},
  OPTvolume = 	 {},
  OPTnumber = 	 {},
  OPTseries = 	 {},
  address = 	 {Espoo, Finland},
  edition = 	 3,
  OPTmonth = 	 {},
  OPTnote = 	 {},
  OPTannote = 	 {}
}

@Book{met2002a,
  author = 	 {Metcalf, Michael and
                  Reid, John          },
  title = 	 {Fortran 90/95 explained},
  publisher = 	 {Oxford University Press},
  year = 	 {2002},
  OPTkey = 	 {},
  OPTvolume = 	 {},
  OPTnumber = 	 {},
  OPTseries = 	 {},
  OPTaddress = 	 {},
  edition = 	 2,
  OPTmonth = 	 {},
  OPTnote = 	 {},
  OPTannote = 	 {}
}

@Book{pre1992a,
  author = 	 {Press, William H.      and
                  Teukolsky, Saul A.     and
                  Vetterling, William T. and
                  Flannery, Brian P.        },
  title = 	 {Numerical {R}ecipes in {F}ortran --- {T}he {A}rt of {S}cientific {C}omputing},
  publisher = 	 {Cambridge University Press},
  year = 	 {1992},
  OPTkey = 	 {},
  OPTvolume = 	 {},
  OPTnumber = 	 {},
  OPTseries = 	 {},
  address = 	 {Cambridge, UK},
  edition = 	 2,
  OPTmonth = 	 {},
  OPTnote = 	 {},
  OPTannote = 	 {}
}

@Book{pre1999a,
  author = 	 {Press, William H.      and
                  Teukolsky, Saul A.     and
                  Vetterling, William T. and
                  Flannery, Brian P.        },
  title = 	 {Numerical {R}ecipes in {F}ortran 90 --- {T}he {A}rt of \emph{{P}arallel} {S}cientific {C}omputing},
  publisher = 	 {Cambridge University Press},
  year = 	 {1999},
  OPTkey = 	 {},
  OPTvolume = 	 {},
  OPTnumber = 	 {},
  OPTseries = 	 {},
  OPTaddress = 	 {},
  edition = 	 2,
  OPTmonth = 	 {},
  OPTnote = 	 {},
  OPTannote = 	 {}
}


