@Book{cor2003a,
  author = 	 {Cormen, Thomas H.     and
                  Leiserson, Charles E. and
                  Rivest, Ronald L.     and
                  Stein, Clifford},
  title = 	 {Introduction to Algorithms},
  publisher = 	 {MIT Press},
  year = 	 {2003},
  OPTkey = 	 {},
  OPTvolume = 	 {},
  OPTnumber = 	 {},
  OPTseries = 	 {},
  address = 	 {Cambridge, Massachusetts, USA},
  edition = 	 {2},
  OPTmonth = 	 {},
  OPTnote = 	 {},
  OPTannote = 	 {}
}

@Book{dan1992a,
  author = 	 {Danby, J. M. A.},
  title = 	 {Fundamentals of Celestial Mechanics},
  publisher = 	 {Willman-Bell, Inc.},
  year = 	 {1992},
  OPTkey = 	 {},
  OPTvolume = 	 {},
  OPTnumber = 	 {},
  OPTseries = 	 {},
  address = 	 {Richmond, Virginia, U.S.A.},
  edition = 	 2,
  OPTmonth = 	 {},
  OPTnote = 	 {},
  OPTannote = 	 {}
}

@Book{dub1961a,
  author = 	 {Dubyago, A. D.},
  title = 	 {The determination of orbits},
  publisher = 	 {The Macmillan Company},
  year = 	 {1961},
  OPTkey = 	 {},
  OPTvolume = 	 {},
  OPTnumber = 	 {},
  OPTseries = 	 {},
  address = 	 {New York, USA},
  OPTedition = 	 {},
  OPTmonth = 	 {},
  note = {{English translation by R. D. Burke, G. Gordon,
  L. N. Rowell, and F. T. Smith}},
  OPTannote = 	 {}
}

@Book{ega1975a,
  author = 	 {Egan, J. P.},
  ALTeditor = 	 {},
  title = 	 {Signal Detection Theory and ROC Analysis},
  publisher = 	 {Academic Press},
  year = 	 {1975},
  OPTkey = 	 {},
  OPTvolume = 	 {},
  OPTnumber = 	 {},
  OPTseries = 	 {},
  address = 	 {New York},
  OPTedition = 	 {},
  OPTmonth = 	 {},
  OPTnote = 	 {},
  OPTannote = 	 {}
}

@Book{gau1809a,
  author = 	 {Gauss, Carl Friedrich},
  title = 	 {{Theoria motus corporum coelisticum in sectionibus conicis solem ambientum}},
  publisher = 	 {Perthes und Besser},
  year = 	 {1809},
  OPTkey = 	 {},
  OPTvolume = 	 {},
  OPTnumber = 	 {},
  OPTseries = 	 {},
  address = 	 {Hamburg},
  OPTedition = 	 {},
  OPTmonth = 	 {},
  note = 	 {English translation by C.\ H.\ Davis (1857); reprint by Dover, New York (1963)},
  OPTannote = 	 {}
}

@Book{gre1985a,
  author = 	 {Green, Robin M.},
  ALTeditor = 	 {},
  title = 	 {Spherical Astronomy},
  publisher = 	 {Cambridge University Press},
  year = 	 {1985},
  OPTkey = 	 {},
  OPTvolume = 	 {},
  OPTnumber = 	 {},
  OPTseries = 	 {},
  address = 	 {Cambridge, UK},
  OPTedition = 	 {},
  OPTmonth = 	 {},
  OPTnote = 	 {},
  OPTannote = 	 {}
}

@Book{kai2004a,
  author = 	 {Kaipio, Jari and
                  Somersalo, Erkki},
  editor = 	 {Antman, S. S.  and
                  Marsden, J. E. and
                  Sirovich, L.},
  title = 	 {{Statistical and Computational Inverse Problems}},
  publisher = 	 {Springer},
  year = 	 {2004},
  OPTkey = 	 {},
  OPTvolume = 	 {},
  OPTnumber = 	 {},
  OPTseries = 	 {},
  OPTaddress = 	 {},
  OPTedition = 	 {},
  OPTmonth = 	 {},
  OPTnote = 	 {},
  OPTannote = 	 {}
}

@Book{kar1994a,
  author = 	 {Karttunen, Hannu},
  title = 	 {Datan käsittely},
  publisher = 	 {CSC - Tieteellinen laskenta Oy},
  year = 	 {1994},
  OPTkey = 	 {},
  OPTvolume = 	 {},
  OPTnumber = 	 {},
  OPTseries = 	 {},
  address = 	 {Espoo, Finland},
  OPTedition = 	 {},
  OPTmonth = 	 {},
  OPTnote = 	 {},
  OPTannote = 	 {}
}

@InProceedings{leh1988a,
  author = 	 {Lehtinen, Markku S.},
  title = 	 {On statistical inversion theory},
  OPTcrossref =  {},
  OPTkey = 	 {},
  booktitle =    {Theory and Applications of Inverse Problems},
  pages = 	 {46--57},
  year = 	 {1988},
  editor = 	 {Haario, H.},
  volume = 	 {167},
  OPTnumber = 	 {},
  series = 	 {Pitman Res. Notes in Math. Ser.},
  address = 	 {Harlow, UK},
  OPTmonth = 	 {},
  OPTorganization = {},
  publisher =    {Longman Scientific and Technical},
  OPTnote = 	 {},
  OPTannote = 	 {}
}

@Book{kar2001a,
  author = 	 {Karttunen, Hannu},
  title = 	 {Johdatus taivaanmekaniikkaan},
  publisher = 	 {Tähtitieteellinen yhdistys Ursa ry},
  year = 	 {2001},
  OPTkey = 	 {},
  OPTvolume = 	 {},
  OPTnumber = 	 {},
  OPTseries = 	 {},
  address = 	 {Helsinki, Finland},
  OPTedition = 	 {},
  OPTmonth = 	 oct,
  OPTnote = 	 {},
  OPTannote = 	 {}
}

@Book{kar2003a,
  author = 	 {Karttunen, Hannu   and
                  Donner, Karl Johan and
                  Kröger, Pekka      and
                  Oja, Heikki        and
                  Poutanen, Markku      },
  title = 	 {Tähtitieteen perusteet},
  publisher = 	 {Tähtitieteellinen yhdistys Ursa ry},
  year = 	 {2003},
  OPTkey = 	 {},
  OPTvolume = 	 {},
  OPTnumber = 	 {},
  OPTseries = 	 {},
  address = 	 {Helsinki, Finland},
  edition = 	 4,
  OPTmonth = 	 {},
  OPTnote = 	 {},
  OPTannote = 	 {}
}

@Book{mar1984a,
  author = 	 {Markkanen, Tapio  and
                  Linnaluoto, Seppo and
                  Poutanen, Markku},
  title = 	 {Tähtitieteen vaiheita Helsingin yliopistossa: observatorio 150 vuotta},
  publisher = 	 {University of Helsinki},
  year = 	 {1984},
  OPTkey = 	 {},
  OPTvolume = 	 {},
  OPTnumber = 	 {},
  OPTseries = 	 {},
  OPTaddress = 	 {},
  OPTedition = 	 {},
  OPTmonth = 	 {},
  OPTnote = 	 {},
  url = 	 {http://www.astro.helsinki.fi/vaiheet/}
}

@Book{roy1988a,
  author = 	 {Roy, A. E.},
  title = 	 {{O}rbital {M}otion},
  publisher = 	 {Institute of Physics Publishing},
  year = 	 {1988},
  OPTkey = 	 {},
  OPTvolume = 	 {},
  OPTnumber = 	 {},
  OPTseries = 	 {},
  address = 	 {Bristol},
  edition = 	 3,
  OPTmonth = 	 {},
  OPTnote = 	 {},
  OPTannote = 	 {}
}

@Article{nel1965a,
  author = 	 {Nelder, J. A. and
                  Mead, R.},
  title = 	 {A simplex method for function minimization},
  journal = 	 {Computer Journal},
  year = 	 {1965},
  OPTkey = 	 {},
  volume = 	 {7},
  number = 	 {4},
  pages = 	 {308--313},
  OPTmonth = 	 {},
  OPTnote = 	 {},
  OPTannote = 	 {}
}

@InProceedings{spa1989a,
  author = 	 {Spackman, Kent A.},
  title = 	 {Signal detection theory: valuable tools for evaluating inductive learning},
  OPTcrossref =  {},
  OPTkey = 	 {},
  booktitle = {Proceedings of the sixth international workshop on Machine learning},
  pages = 	 {160--163},
  year = 	 {1989},
  OPTeditor = 	 {},
  OPTvolume = 	 {},
  OPTnumber = 	 {},
  OPTseries = 	 {},
  OPTaddress = 	 {},
  OPTmonth = 	 {},
  OPTorganization = {},
  publisher = {Morgan Kaufmann Publishers Inc.},
  OPTnote = 	 {},
  OPTannote = 	 {}
}
